@booklet{pVH2018a,
author = {{Von Holzen}, Katie and Bergmann, Christina},
title = {A meta-analysis of mispronunciation sensitivity in infancy},
howpublished= {Presented at the XXIth Biennial International Conference on Infant Studies, Philadelphia, PA},
year = {2018, July}
}
@booklet{pVH2018b,
author = {{Von Holzen}, Katie and Van Ommen, Sandrien and White, Katherine and Nazzi, Thierry},
title = {French-learning infants' adaptation to a novel accent: The role of consonant/vowel asymmetry},
howpublished= {Presented at the XXIth Biennial International Conference on Infant Studies, Philadelphia, PA},
year = {2018, July}
}
@booklet{pVH2017a,
author = {{Von Holzen}, Katie and Nishibayashi, Leo-Lyuki and Nazzi, Thierry},
title = {Neural bases of phonological processing of newly segmented word forms},
howpublished= {Presented at the 2017 Boston University Conference on Language Development, Boston, MA},
year = {2017, November}
}
@booklet{pVH2017b,
author = {{Von Holzen}, Katie and Rider, Delphine and Nazzi, Thierry},
title = {Consonant and vowel processing in 5-, 8-, and 11-month-olds own name recognition: The role of acoustic/phonetic and lexical factors},
howpublished= {Presented at the Congress of the International Association for the Study of Child Language, Lyon, France},
year = {2017, July}
}
@booklet{pVH2014,
author = {{Von Holzen}, Katie and Fennell, Christopher T and Mani, Nivedita},
title = {The cognate facilitation effect in bilingual and monolingual toddlers},
howpublished= {Presented at the XIXth Biennial International Conference on Infant Studies, Berlin, Germany},
year = {2014, July}
}
@booklet{pVH2013a,
author = {{Von Holzen}, Katie and Mani, Nivedita},
title = {Native and non-native phoneme perception in bilingual toddlers: A longitudinal study},
howpublished= {Presented at the Workshop on Infant Language Development, San Sebastian, Spain},
year = {2013, June}
}
@booklet{pVH2013b,
author = {{Von Holzen}, Katie and Wolff, Deborah and Mani, Nivedita},
title = {Segmentation of IDS and ADS in 12-month-olds: An ERP study},
howpublished= {Presented at the Workshop on Infant Language Development, San Sebastian, Spain},
year = {2013, June}
}
@booklet{pVH2013c,
author = {{Von Holzen}, Katie and Kremer, Fabian and Mani, Nivedita},
title = {Associating a language with a speaker: Bilingual production is influenced by speaker language},
howpublished= {Presented at the International Workshop on Bilingualism and Cognitive Control, Krakow, Poland},
year = {2013, May}
}
@booklet{pVH2011a,
author = {{Von Holzen}, Katie and Mani, Nivedita},
title = {Learning phonemes from faces: The role of speaker identity in non-native phoneme discrimination},
howpublished= {Presented at the 2011 Boston University Conference on Language Development, Boston, MA},
year = {2011, November}
}
@booklet{pVH2011b,
author = {{Von Holzen}, Katie and Mani, Nivedita},
title = {Word-word relationships between languages and across development},
howpublished= {Presented at the 2011 CNS Annual Meeting, San Fransicso, CA},
year = {2011, April}
}
@booklet{pVH2010,
author = {{Von Holzen}, Katie and Mani, Nivedita},
title = {Phonological priming across language borders: No passport required?},
howpublished= {Presented at the Donostia Workshop on Neurobilingualsim, Donostia-San Sebastian, Spain},
year = {2010, September}
}
