@booklet{iVH2019,
author = {{Von Holzen}, Katie},
title = {Babies know words, even when they're mispronounced: A meta-analysis of mispronunciation sensitivity},
howpublished= {Presented at the Linguistics Department, City University of New
York, USA.},
year = {2019, April}
}
@booklet{iVH2018,
author = {{Von Holzen}, Katie},
title = {On the road to bilingualism: The role of age in foreign speech processing},
howpublished= {Presented at the Team Meeting of the Language and Cognition Group, The Institute of Neuroscience and Cognition, Paris Descartes Université, Paris, France},
year = {2018, December}
}
@booklet{iVH2016,
author = {{Von Holzen}, Katie and Nazzi, Thierry},
title = {Origine de l’asymétrie consonne/voyelle lors du traitement lexical},
howpublished= {Presented at the Agence nationale de la recherche meeting of the grant funding programme BLANC 2013, Paris, France},
year = {2016, September}
}
@booklet{iVH2014,
author = {{Von Holzen}, Katie},
title = {Segmentation of infant- and adult-directed speech in 12-month-olds: An ERP study},
howpublished= {Presented at the Concordia Infant Research Laboratory TeamMeeting, Montreal, Canada},
year = {2014, May}
}
@booklet{iVH2012a,
author = {{Von Holzen}, Katie},
title = {The cognate facilitation effect in bilingual and monolingual toddlers},
howpublished= {Presented at the Workshop on Monolingual and Bilingual Word Recognition and Learning in Infants and Adults, Basque Center on Cognition, Brain, and Language, San Sebastian, Spain},
year = {2012, November}
}
@booklet{iVH2012b,
author = {{Von Holzen}, Katie},
title = {Learning phonemes from faces: The role of speaker identity in non-native phoneme discrimination},
howpublished= {Presented at the Workshop on Monolingual and Bilingual Word Recognition and Learning in Infants and Adults, Basque Center on Cognition, Brain, and Language, San Sebastian, Spain},
year = {2012, November}
}
@booklet{iVH2012c,
author = {{Von Holzen}, Katie},
title = {Mechanisms underlying lexicalprocessing in monolingual and bilingual toddlers},
howpublished= {In L. Polka(Chair), Comparing monolingual and bilingual languageacquisition during infancy. Invited symposium conducted at the XVIIIth Biennial International Conference on Infant Studies, Minneapolis, MN},
year = {2012, June}
}