Automatically generated by Mendeley Desktop 1.19.4
Any changes to this file will be lost if it is regenerated by Mendeley.

BibTeX export options can be customized via Preferences -> BibTeX in Mendeley Desktop

@misc{VonHolzen2018d,
address = {Charlottesville, VA},
author = {{Von Holzen}, Katie and Bergmann, Christina},
mendeley-groups = {My Publications},
publisher = {Open Science Foundation},
title = {{Infant Mispronunciation Sensitivity (InMisSens) Meta-Analysis - Cognitive Science Society Submission}},
url = {osf.io/nvc8m},
year = {2018}
}
