@booklet{iVH2019b,
author = {{Von Holzen}, Katie},
title = {On the road to bilingualism: Foreign speech processing at first exposure in early childhood},
howpublished= {Presented at the Psychology Institute Colloquium, Johannes Gutenberg Universität Mainz, Germany},
year = {2019, December}
}
@booklet{iVH2019a,
author = {{Von Holzen}, Katie},
title = {Babies know words, even when they're mispronounced: A meta-analysis of mispronunciation sensitivity},
howpublished= {Presented at the Linguistics Department, City University of New
York, USA.},
year = {2019, April}
}
@booklet{iVH2018,
author = {{Von Holzen}, Katie},
title = {On the road to bilingualism: The role of age in foreign speech processing},
howpublished= {Presented at the Team Meeting of the Language and Cognition Group, The Institute of Neuroscience and Cognition, Paris Descartes Université, Paris, France},
year = {2018, December}
}
@booklet{iVH2016,
author = {{Von Holzen}, Katie and Nazzi, Thierry},
title = {Origine de l’asymétrie consonne/voyelle lors du traitement lexical},
howpublished= {Presented at the Agence nationale de la recherche meeting of the grant funding programme BLANC 2013, Paris, France},
year = {2016, September}
}
@booklet{iVH2014,
author = {{Von Holzen}, Katie},
title = {Segmentation of infant- and adult-directed speech in 12-month-olds: An ERP study},
howpublished= {Presented at the Concordia Infant Research Laboratory Team
Meeting, Montreal, Canada},
year = {2014, May}
}
@booklet{iVH2012a,
author = {{Von Holzen}, Katie},
title = {The cognate facilitation effect in bilingual and monolingual toddlers},
howpublished= {Presented at the Workshop on Monolingual and Bilingual Word Recognition and Learning in Infants and Adults, Basque Center on Cognition, Brain, and Language, San Sebastian, Spain},
year = {2012, November}
}
@booklet{iVH2012b,
author = {{Von Holzen}, Katie},
title = {Learning phonemes from faces: The role of speaker identity in non-native phoneme discrimination},
howpublished= {Presented at the Workshop on Monolingual and Bilingual Word Recognition and Learning in Infants and Adults, Basque Center on Cognition, Brain, and Language, San Sebastian, Spain},
year = {2012, November}
}
@booklet{iVH2012c,
author = {{Von Holzen}, Katie},
title = {Mechanisms underlying lexicalprocessing in monolingual and bilingual toddlers},
howpublished= {In L. Polka
(Chair), Comparing monolingual and bilingual language
acquisition during infancy. Invited symposium conducted at the XVIIIth Biennial International Conference on Infant Studies, Minneapolis, MN},
year = {2012, June}
}
@booklet{tVH2019,
author = {{Von Holzen}, Katie and Bergmann, Christina},
title = {Can a tog be a dog? A meta-analysis of experimental factors influencing infants' mispronunciation sensitivity},
howpublished= {In Gonzalez-Gomez, N. (Chair), Big ideas to tackle small samples. Presented at the Biennial Meeting of the Society for Research in Child Development, Baltimore, USA},
year = {2019, March}
}
@booklet{tVH2018a,
author = {{Von Holzen}, Katie and Newman, Rochelle},
title = {On the road to bilingualism: The role of native language knowledge in foreign speech processing},
howpublished= {In Koostra, G. J. and Bosma, E. (Chairs), Cross-language activation in bilingual children. Presented at the Conference on Multilingualism, Ghent, Belgium},
year = {2018, December}
}
@booklet{tVH2018b,
author = {{Von Holzen}, Katie and Bergmann, Christina},
title = {A meta-analysis of infants' mispronunciation sensitivity development},
howpublished= {Presented at the 40th Annual Meeting of the Cognitive Science Society, Madison, WI, USA.},
year = {2018, July}
}
@booklet{tVH2017,
author = {{Von Holzen}, Katie and Nishibayashi, Leo-Lyuki and Nazzi, Thierry},
title = {An ERP study of consonant and vowel processing of newly segmented word forms.},
howpublished= {Presented at the Workshop on Infant Language Development, Bilbao, Spain},
year = {2017, June}
}
@booklet{tVH2015,
author = {{Von Holzen}, Katie and Nazzi, Thierry},
title = {The role of consonants and vowels in 5- and 8-month-old own name recognition: Implications for lexical development},
howpublished= {Presented at the second Workshop on Infant Language Development, 2015, Stockholm, Sweden},
year = {2015, June}
}
@booklet{tVH2014,
author = {{Von Holzen}, Katie and Wolff, Deborah and Mani, Nivedita},
title = {Segmentation of infant- and adult-directed speech in 12-month-olds: An ERP study},
howpublished= {In K. Von Holzen (Chair), Segmenting words from continuous speech: Examining varied input sources for infants. Symposium conducted at the XIXth Biennial International Conference on Infant Studies, Berlin, Germany},
year = {2014, July}
}
@booklet{tVH2013,
author = {{Von Holzen}, Katie and Wolff, Deborah and Mani, Nivedita},
title = {Segmentierungsfähigkeit von infant- und adult-directed speech bei 12 Monate alten Kindern (Segmentation of infant- and adult-directed speech in 12-month-old infants)},
howpublished= {Presented at the 22nd Deutsches EEG/EP Mapping Meeting, Giessen, Germany},
year = {2013, October}
}
@booklet{tVH2012a,
author = {{Von Holzen}, Katie and Mani, Nivedita},
title = {Learning phonemes from faces: The role of speaker identity in non-native phoneme discrimination},
howpublished= {In K. Von Holzen (Chair), Infant phonetic learning in context: The influence of faces, objects, and words. Symposium conducted at the XVIIIth Biennial International Conference on Infant Studies, Minneapolis, MN},
year = {2012, June}
}
@booklet{tVH2012b,
author = {{Von Holzen}, Katie and Mani, Nivedita},
title = {The cognate facilitation effect in bilingual toddlers},
howpublished= {Presented at the International Workshop Bilingual and Multilingual Interaction, Bangor, Wales},
year = {2012, March}
}
@booklet{tVH2012c,
author = {{Von Holzen}, Katie and Mani, Nivedita},
title = {Language non-selective lexical access in bilingual toddlers},
howpublished= {Presented at the International Workshop Bilingual and Multilingual Interaction, Bangor, Wales},
year = {2012, March}
}
@booklet{tVH2011,
author = {{Von Holzen}, Katie and Mani, Nivedita},
title = {Bilingual phonological priming: An ERP study investigating interconnectivity of activation in the bilinguals two lexicons at different points in development.},
howpublished= {In J. Mayor (Chair), The emergence of lexical networks in the second year of life. Symposium conducted at the 17th Meeting of the European Society for Cognitive Psychology, San Sebastian, Spain},
year = {2011, September}
}
@booklet{pVH2018a,
author = {{Von Holzen}, Katie and Bergmann, Christina},
title = {A meta-analysis of mispronunciation sensitivity in infancy},
howpublished= {Presented at the XXIth Biennial International Conference on Infant Studies, Philadelphia, PA},
year = {2018, July}
}
@booklet{pVH2018b,
author = {{Von Holzen}, Katie and Van Ommen, Sandrien and White, Katherine and Nazzi, Thierry},
title = {French-learning infants' adaptation to a novel accent: The role of consonant/vowel asymmetry},
howpublished= {Presented at the XXIth Biennial International Conference on Infant Studies, Philadelphia, PA},
year = {2018, July}
}
@booklet{pVH2017a,
author = {{Von Holzen}, Katie and Nishibayashi, Leo-Lyuki and Nazzi, Thierry},
title = {Neural bases of phonological processing of newly segmented word forms},
howpublished= {Presented at the 2017 Boston University Conference on Language Development, Boston, MA},
year = {2017, November}
}
@booklet{pVH2017b,
author = {{Von Holzen}, Katie and Rider, Delphine and Nazzi, Thierry},
title = {Consonant and vowel processing in 5-, 8-, and 11-month-olds own name recognition: The role of acoustic/phonetic and lexical factors},
howpublished= {Presented at the Congress of the International Association for the Study of Child Language, Lyon, France},
year = {2017, July}
}
@booklet{pVH2014,
author = {{Von Holzen}, Katie and Fennell, Christopher T and Mani, Nivedita},
title = {The cognate facilitation effect in bilingual and monolingual toddlers},
howpublished= {Presented at the XIXth Biennial International Conference on Infant Studies, Berlin, Germany},
year = {2014, July}
}
@booklet{pVH2013a,
author = {{Von Holzen}, Katie and Mani, Nivedita},
title = {Native and non-native phoneme perception in bilingual toddlers: A longitudinal study},
howpublished= {Presented at the Workshop on Infant Language Development, San Sebastian, Spain},
year = {2013, June}
}
@booklet{pVH2013b,
author = {{Von Holzen}, Katie and Wolff, Deborah and Mani, Nivedita},
title = {Segmentation of IDS and ADS in 12-month-olds: An ERP study},
howpublished= {Presented at the Workshop on Infant Language Development, San Sebastian, Spain},
year = {2013, June}
}
@booklet{pVH2013c,
author = {{Von Holzen}, Katie and Kremer, Fabian and Mani, Nivedita},
title = {Associating a language with a speaker: Bilingual production is influenced by speaker language},
howpublished= {Presented at the International Workshop on Bilingualism and Cognitive Control, Krakow, Poland},
year = {2013, May}
}
@booklet{pVH2011a,
author = {{Von Holzen}, Katie and Mani, Nivedita},
title = {Learning phonemes from faces: The role of speaker identity in non-native phoneme discrimination},
howpublished= {Presented at the 2011 Boston University Conference on Language Development, Boston, MA},
year = {2011, November}
}
@booklet{pVH2011b,
author = {{Von Holzen}, Katie and Mani, Nivedita},
title = {Word-word relationships between languages and across development},
howpublished= {Presented at the 2011 CNS Annual Meeting, San Fransicso, CA},
year = {2011, April}
}
@booklet{pVH2010,
author = {{Von Holzen}, Katie and Mani, Nivedita},
title = {Phonological priming across language borders: No passport required?},
howpublished= {Presented at the Donostia Workshop on Neurobilingualsim, Donostia-San Sebastian, Spain},
year = {2010, September}
}