@inproceedings{VonHolzen2018b,
address = {Austin, TX},
author = {{Von Holzen}, Katie and Bergmann, Christina},
booktitle = {Proceedings of the 40th Annual Conference of the Cognitive Science SocietyScience Society},
editor = {Rogers, T.T. and Rau, M and Zhu, X. and Kalish, C. W.},
mendeley-groups = {My Publications},
pages = {1157--1162},
publisher = {Cognitive Science Society, Inc.},
title = {{A meta-analysis of infants' mispronunciation sensitivity development.}},
year = {2018}
}

