@Article{VonHolzen2018,
  year = {2018},
  title = {Consonant and vowel processing in word form segmentation: An infant ERP study},
  author = {Katie Von Holzen and Leo-Lyuki Nishibayashi and Thierry Nazzi},
  journaltitle = {Brain Sciences},
  number = {24},
  volume = {8},
  pages = {1-15},
}

@Article{VonHolzen2019,
  title = {The impact of cross-language phonological overlap on bilingual and monolingual toddlers' word recognition},
  year = {2019},
  author = {Katie Von Holzen and C. T. Fennell and Nivedita Mani},
  journaltitle = {Bilingualism: Langauge and Cognition},
  number = {3},
  volume = {22},
  pages = {476-499},
}
